@BOOK{DUMMY:1,
AUTHOR="John Doe",
TITLE="The Book without Title",
PUBLISHER="Dummy Publisher",
YEAR="2100",
}

@ARTICLE{ARTICLE:1,
AUTHOR="Archibald Withwiki",
TITLE="Title",
JOURNAL="Journal",
YEAR="2017",
}
