% Encoding: UTF-8

@article{leydesdorff2012scientometrics,
  title={Scientometrics},
  author={Leydesdorff, Loet and Milojevi{\'c}, Sta{\v{s}}a},
  journal={arXiv preprint arXiv:1208.4566},
  year={2012}
}

@Book{hess1997science,
  author    = {Hess, David J.},
  publisher = {NYU press},
  title     = {Science studies: An advanced introduction},
  year      = {1997},
}

@techreport{nalimov1971measurement,
	title={Measurement of science. Study of the development of science as an information process},
	author={Nalimov, Vasilévich and Mulćhenko, Zinaida Maksimovna},
year={1971},
institution={Foreign Technology Div Wright-Patterson AFB Ohio}
}

@article{del2007difusion,
	title={La difusión de las investigaciones y el formato IMRYD: Una pesquisa a propósito de la lectura crítica de los artículos científicos},
	author={del Junco, C Julio García and Verdugo, C Mario Castellanos},
	journal={Revista Cubana de Información en Ciencias de la Salud},
	volume={15},
	number={1},
	pages={2},
	year={2007},
	publisher={Infomed}
}

@article{gonzalez2010formato,
	title={?` Formato IMRaD o IMRyD para artículos científicos?},
	author={González, Marco and Mattar, Salim},
	journal={Revista MVZ Córdoba},
	volume={15},
	number={1},
	pages={1895--1896},
	year={2010},
	publisher={Universidad de Cordoba}
}

@article{segal1995short,
	title={A short history of Internet protocols at CERN},
	author={Segal, Ben},
	journal={Professional webpage. April. http://ben. home. cern. ch/ben/TCPHIST. html},
	year={1995}
}

@article{bakkalbasi2006three,
	title={Three options for citation tracking: Google Scholar, Scopus and Web of Science},
	author={Bakkalbasi, Nisa and Bauer, Kathleen and Glover, Janis and Wang, Lei},
	journal={Biomedical digital libraries},
	volume={3},
	number={1},
	pages={7},
	year={2006},
	publisher={BioMed Central}
}

@article{minniti2018mapping,
	title={Mapping the development of open access in Latin America and Caribbean countries. An analysis of web of science core collection and SciELO citation index (2005--2017)},
	author={Minniti, Sergio and Santoro, Valeria and Belli, Simone},
	journal={Scientometrics},
	volume={117},
	number={3},
	pages={1905--1930},
	year={2018},
	publisher={Springer}
}

@article{harzing2008google,
	title={Google Scholar as a new source for citation analysis},
	author={Harzing, Anne-Wil K and Van der Wal, Ron},
	journal={Ethics in science and environmental politics},
	volume={8},
	number={1},
	pages={61--73},
	year={2008}
}

@article{garfield2006citation,
	title={Citation indexes for science. A new dimension in documentation through association of ideas},
	author={Garfield, Eugene},
	journal={International journal of epidemiology},
	volume={35},
	number={5},
	pages={1123--1127},
	year={2006},
	publisher={Oxford University Press}
}

@article{vinkler2008correlation,
	title={Correlation between the structure of scientific research, scientometric indicators and GDP in EU and non-EU countries},
	author={Vinkler, Peter},
	journal={Scientometrics},
	volume={74},
	number={2},
	pages={237--254},
	year={2008},
	publisher={Akad{\'e}miai Kiad{\'o}, co-published with Springer Science+ Business Media BV~…}
}

@article{chen2002mapping,
	title={Mapping Scientometrics (1981--2001)},
	author={Chen, Chaomei and McCain, Katherine and White, Howard and Lin, Xia},
	journal={Proceedings of the American Society for Information Science and Technology},
	volume={39},
	number={1},
	pages={25--34},
	year={2002},
	publisher={Wiley Online Library}
}

@Book{van2008handbook,
	author    = {Van Harmelen, Frank and Lifschitz, Vladimir and Porter, Bruce},
	title     = {Handbook of knowledge representation},
	year      = {2008},
	volume    = {1},
	publisher = {Elsevier},
}

@book{robinson2015graph,
	title={Graph databases: new opportunities for connected data},
	author={Robinson, Ian and Webber, Jim and Eifrem, Emil},
	year={2015},
	publisher={" O'Reilly Media, Inc."}
}

@inproceedings{vicknair2010comparison,
	title={A comparison of a graph database and a relational database: a data provenance perspective},
	author={Vicknair, Chad and Macias, Michael and Zhao, Zhendong and Nan, Xiaofei and Chen, Yixin and Wilkins, Dawn},
	booktitle={Proceedings of the 48th annual Southeast regional conference},
	pages={1--6},
	year={2010}
}

@inproceedings{kunii1987dbms,
	title={DBMS with graph data model for knowledge handling},
	author={Kunii, Hideko S},
	booktitle={Proceedings of the 1987 Fall Joint Computer Conference on Exploring technology: today and tomorrow},
	pages={138--142},
	year={1987}
}

@article{munoz2017analisis,
	title={Análisis de la producción científica en asuntos públicos de Chile y Perú. Desafíos para una mejor gestión pública},
	author={Muñoz, Alejandro Vega and Galindo, Cynthia Milena Salinas},
	journal={LEX-REVISTA DE LA FACULTAD DE DERECHO Y CIENCIAS POLÍTICAS},
	volume={15},
	number={20},
	pages={463},
	year={2017}
}

@article{spinak1998indicadores,
	title={Indicadores cienciométricos},
	author={Spinak, Ernesto},
	journal={Ciência da informaçao},
	volume={27},
	number={2},
	pages={nd--nd},
	year={1998},
	publisher={SciELO Brasil}
}

@article{de1999science,
	title={Science in America Latina: A comparison of bibliometric and scientific-technical indicators},
	author={De Moya-Anegón, F. and Herrero-Solana, V.},
	journal={Scientometrics},
	volume={46},
	number={2},
	pages={299--320},
	year={1999},
	publisher={Akadémiai Kiadó, co-published with Springer Science+Business Media B.V., Formerly Kluwer Academic Publishers B.V.}
}

@article{miguel2008aproximacion,
	title={Aproximación cienciométrica al análisis y visualización del dominio científico argentino 1990-2005},
	author={Miguel, Sandra and others},
	year={2008},
	publisher={Granada: Universidad de Granada}
}

@article{cardona2017analisis,
	title={Análisis cienciométrico de la producción científica acerca de la investigación sobre la evaluación de la implementación del e-learning en el periodo 2000-2015},
	author={Cardona-Román, Diana Marcela and Sánchez-Torres, Jenny Marcela},
	journal={Educación},
	volume={26},
	number={51},
	pages={7--34},
	year={2017}
}

@article{liu2018co,
	title={A co-citation and cluster analysis of scientometrics of geographic information ontology},
	author={Liu, Yu and Li, Lin and Shen, Hang and Yang, Hui and Luo, Feng},
	journal={ISPRS International Journal of Geo-Information},
	volume={7},
	number={3},
	pages={120},
	year={2018},
	publisher={Multidisciplinary Digital Publishing Institute}
}

@article{wei2020document,
	title={A document co-citation analysis method for investigating emerging trends and new developments: a case of twenty-four leading business journals},
	author={Wei, Fangfang and Zhang, Guijie},
	year={2020},
	publisher={University of Bor{\aa}s}
}

@book{robinson2015graph,
	title={Graph databases: new opportunities for connected data},
	author={Robinson, Ian and Webber, Jim and Eifrem, Emil},
	year={2015},
	publisher={" O'Reilly Media, Inc."}
}

@misc{openconf2020,
	title = {{Open Conference Systems {$\vert$} Public Knowledge Project}},
	year = {2020},
	month = {Sep},
	note = {[Online; accessed 19. Sep. 2020]},
	url = {https://pkp.sfu.ca/ocs},
	abstract = {{Public Knowledge Project - Open Conference Systems}}
}
